@article{wang2017ORRCS,
  title={Theory of retrieving orientation-resolved molecular information using time-domain rotational coherence spectroscopy},
  author={Wang, Xu and Le, Anh-Thu and Zhou, Zhaoyan and Wei, Hui and Lin, CD},
  journal={Physical Review A},
  volume={96},
  number={2},
  pages={023424},
  year={2017},
  publisher={APS}
}

@article{makhija2016ORRCS,
  title={Orientation resolution through rotational coherence spectroscopy},
  author={Makhija, Varun and Ren, Xiaoming and Gockel, Drue and Le, Anh-Thu and Kumarappan, Vinod},
  journal={arXiv preprint arXiv:1611.06476},
  year={2016}
}

@article{sandor2018ORRCS,
  title={Angle dependence of strong-field single and double ionization of carbonyl sulfide},
  author={S{\'a}ndor, P{\'e}ter and Sissay, Adonay and Mauger, Fran{\c{c}}ois and Abanador, Paul M and Gorman, Timothy T and Scarborough, Timothy D and Gaarde, Mette B and Lopata, Kenneth and Schafer, Kenneth J and Jones, Robert R},
  journal={Physical Review A},
  volume={98},
  number={4},
  pages={043425},
  year={2018},
  publisher={APS}
}

@article{sandor2019ORRCS,
  title={Angle-dependent strong-field ionization of halomethanes},
  author={S{\'a}ndor, P{\'e}ter and Sissay, Adonay and Mauger, Fran{\c{c}}ois and Gordon, Mark W and Gorman, TT and Scarborough, TD and Gaarde, Mette B and Lopata, Kenneth and Schafer, KJ and Jones, RR},
  journal={The Journal of chemical physics},
  volume={151},
  number={19},
  pages={194308},
  year={2019},
  publisher={AIP Publishing LLC}
}

@article{lam2022ORRCS,
  title={Alignment dependence of photoelectron angular distributions in the few-photon ionization of molecules by ultraviolet pulses},
  author={Lam, Huynh Van Sa and Wangjam, Tomthin Nganba and Kumarappan, Vinod},
  journal={Physical Review A},
  volume={105},
  number={5},
  pages={053109},
  year={2022},
  publisher={APS}
}

@article{lam2020ORRCS,
  title={Angle-dependent strong-field ionization and fragmentation of carbon dioxide measured using rotational wave packets},
  author={Lam, Huynh Van Sa and Yarlagadda, Suresh and Venkatachalam, Anbu and Wangjam, Tomthin Nganba and Kushawaha, Rajesh K and Cheng, Chuan and Svihra, Peter and Nomerotski, Andrei and Weinacht, Thomas and Rolles, Daniel and others},
  journal={Physical Review A},
  volume={102},
  number={4},
  pages={043119},
  year={2020},
  publisher={APS}
}

@article{wangjam2021ORRCS,
  title={Strong-field ionization of the triplet ground state of O 2},
  author={Wangjam, Tomthin Nganba and Lam, Huynh Van Sa and Kumarappan, Vinod},
  journal={Physical Review A},
  volume={104},
  number={4},
  pages={043112},
  year={2021},
  publisher={APS}
}

@incollection{nielsen2022Helium,
  title={Laser-Induced Alignment of Molecules in Helium Nanodroplets},
  author={Nielsen, Jens H and Pentlehner, Dominik and Christiansen, Lars and Shepperson, Benjamin and S{\o}ndergaard, Anders A and Chatterley, Adam S and Pickering, James D and Schouder, Constant A and Mu{\~n}oz, Alberto Vi{\~n}as and Kranabetter, Lorenz and others},
  booktitle={Molecules in Superfluid Helium Nanodroplets: Spectroscopy, Structure, and Dynamics},
  pages={381--445},
  year={2022},
  publisher={Springer International Publishing Cham}
}